@misc{drbd,
  title = {DRBD: Software Develpment for High Availability Clusters},
  howpublished = {\url{http://www.drbd.org/}},
  note = {Accessed: 2013-05-10}
}

@misc{drbd_manual,
  author = {Hellman, Brian and Haas, Florian and Reisner, Philipp and 
    Ellenberg, Lars},
  title = {The DRBD User's Guide},
  howpublished = {\url{http://www.drbd.org/users-guide-8.4/}},
  note = {Accessed: 2013-05-10}
}


@misc{amazonEBS,
  title = {Amazon Elastic Block Store (EBS)},
  howpublished = {\url{http://aws.amazon.com/ebs/}},
  note = {Accessed: 2013-05-10}
}

